%# -*- coding: utf-8-unix -*-

@inproceedings{boyd2012non,
  title={Non-scalable locks are dangerous},
  author={Boyd-Wickizer, Silas and Kaashoek, M Frans and Morris, Robert and Zeldovich, Nickolai},
  booktitle={Proceedings of the Linux Symposium},
  pages={119--130},
  year={2012}
}

@article{johnson2010decoupling,
  title={Decoupling contention management from scheduling},
  author={Johnson, F Ryan and Stoica, Radu and Ailamaki, Anastasia and Mowry, Todd C},
  journal={ACM SIGARCH Computer Architecture News},
  volume={38},
  number={1},
  pages={117--128},
  year={2010},
  publisher={ACM}
}

@book{MICROSOFT-SQL,
  title = {SQL SERVER},
  publisher = {http://www.microsoft.com/en-us/server-cloud/products/sql-server/features.aspx},
  year = {2014},
  author = {}
}

@book{SAP,
  title = {SAP. SAP HANA 2: the transformer},
  publisher = {http://hana.sap.com/abouthana.html},
  year = {2015},
  author = {}
}

@inproceedings{tallent2010analyzing,
  title={Analyzing lock contention in multithreaded applications},
  author={Tallent, Nathan R and Mellor-Crummey, John M and Porterfield, Allan},
  booktitle={ACM Sigplan Notices},
  volume={45},
  number={5},
  pages={269--280},
  year={2010},
  organization={ACM}
}

@inproceedings{dice2017malthusian,
  title={Malthusian locks},
  author={Dice, Dave},
  booktitle={Proceedings of the Twelfth European Conference on Computer Systems},
  pages={314--327},
  year={2017},
  organization={ACM}
}

@article{denning1980working,
  title={Working sets past and present},
  author={Denning, Peter J.},
  journal={IEEE Transactions on Software Engineering},
  number={1},
  pages={64--84},
  year={1980},
  publisher={IEEE}
}

@inproceedings{kashyap2017scalable,
  title={Scalable NUMA-aware blocking synchronization primitives},
  author={Kashyap, Sanidhya and Min, Changwoo and Kim, Taesoo},
  booktitle={Proceedings of the 2017 USENIX Annual Technical Conference (ATC)(Santa Clara, CA},
  year={2017}
}

@inproceedings{chabbi2016contention,
  title={Contention-conscious, locality-preserving locks},
  author={Chabbi, Milind and Mellor-Crummey, John},
  booktitle={ACM SIGPLAN Notices},
  volume={51},
  number={8},
  pages={22},
  year={2016},
  organization={ACM}
}

@article{chabbi2015high,
  title={High performance locks for multi-level NUMA systems},
  author={Chabbi, Milind and Fagan, Michael and Mellor-Crummey, John},
  journal={ACM SIGPLAN Notices},
  volume={50},
  number={8},
  pages={215--226},
  year={2015},
  publisher={ACM}
}

@inproceedings{pusukuri2014shuffling,
  title={Shuffling: a framework for lock contention aware thread scheduling for multicore multiprocessor systems},
  author={Pusukuri, Kishore Kumar and Gupta, Rajiv and Bhuyan, Laxmi N},
  booktitle={Proceedings of the 23rd international conference on Parallel architectures and compilation},
  pages={289--300},
  year={2014},
  organization={ACM}
}

@inproceedings{sridharan2006thread,
  title={Thread migration to improve synchronization performance},
  author={Sridharan, Srinivas and Keck, Brett and Murphy, Richard and Chandra, Surendar and Kogge, Peter},
  booktitle={Workshop on Operating System Interference in High Performance Applications},
  volume={34},
  pages={35},
  year={2006},
  organization={Citeseer}
}

@inproceedings{thekkath1994impact,
  title={Impact of sharing-based thread placement on multithreaded architectures},
  author={Thekkath, Radhika and Eggers, Susan J},
  booktitle={ACM SIGARCH Computer Architecture News},
  volume={22},
  number={2},
  pages={176--186},
  year={1994},
  organization={IEEE Computer Society Press}
}

@inproceedings{tam2007thread,
  title={Thread clustering: sharing-aware scheduling on SMP-CMP-SMT multiprocessors},
  author={Tam, David and Azimi, Reza and Stumm, Michael},
  booktitle={ACM SIGOPS Operating Systems Review},
  volume={41},
  number={3},
  pages={47--58},
  year={2007},
  organization={ACM}
}

@inproceedings{xian2008contention,
  title={Contention-aware scheduler: unlocking execution parallelism in multithreaded java programs},
  author={Xian, Feng and Srisa-an, Witawas and Jiang, Hong},
  booktitle={ACM Sigplan Notices},
  volume={43},
  number={10},
  pages={163--180},
  year={2008},
  organization={ACM}
}

@inproceedings{lozi2012remote,
  title={Remote Core Locking: Migrating Critical-Section Execution to Improve the Performance of Multithreaded Applications.},
  author={Lozi, Jean-Pierre and David, Florian and Thomas, Ga{\"e}l and Lawall, Julia L and Muller, Gilles and others},
  booktitle={USENIX annual technical conference},
  pages={65--76},
  year={2012}
}

@inproceedings{oyama1999executing,
  title={Executing parallel programs with synchronization bottlenecks efficiently},
  author={Oyama, Yoshihiro and Taura, Kenjiro and Yonezawa, Akinori},
  booktitle={Proceedings of the International Workshop on Parallel and Distributed Computing for Symbolic and Irregular Applications},
  volume={16},
  year={1999},
  organization={Citeseer}
}

@inproceedings{fatourou2012revisiting,
  title={Revisiting the combining synchronization technique},
  author={Fatourou, Panagiota and Kallimanis, Nikolaos D},
  booktitle={ACM SIGPLAN Notices},
  volume={47},
  number={8},
  pages={257--266},
  year={2012},
  organization={ACM}
}

@inproceedings{hendler2010flat,
  title={Flat combining and the synchronization-parallelism tradeoff},
  author={Hendler, Danny and Incze, Itai and Shavit, Nir and Tzafrir, Moran},
  booktitle={Proceedings of the twenty-second annual ACM symposium on Parallelism in algorithms and architectures},
  pages={355--364},
  year={2010},
  organization={ACM}
}

@article{mellor1991algorithms,
  title={Algorithms for scalable synchronization on shared-memory multiprocessors},
  author={Mellor-Crummey, John M and Scott, Michael L},
  journal={ACM Transactions on Computer Systems (TOCS)},
  volume={9},
  number={1},
  pages={21--65},
  year={1991},
  publisher={ACM}
}



@article{scott2013shared,
  title={Shared-memory synchronization},
  author={Scott, Michael L},
  journal={Synthesis Lectures on Computer Architecture},
  volume={8},
  number={2},
  pages={1--221},
  year={2013},
  publisher={Morgan \& Claypool Publishers}
}

@techreport{craig1993building,
  title={Building FIFO and priorityqueuing spin locks from atomic swap},
  author={Craig, Travis},
  year={1993},
  institution={Citeseer}
}

@inproceedings{magnusson1994queue,
  title={Queue locks on cache coherent multiprocessors},
  author={Magnusson, Peter and Landin, Anders and Hagersten, Erik},
  booktitle={Parallel Processing Symposium, 1994. Proceedings., Eighth International},
  pages={165--171},
  year={1994},
  organization={IEEE}
}

@inproceedings{dice2011brief,
  title={Brief announcement: a partitioned ticket lock},
  author={Dice, David},
  booktitle={Proceedings of the twenty-third annual ACM symposium on Parallelism in algorithms and architectures},
  pages={309--310},
  year={2011},
  organization={ACM}
}

@article{anderson1990performance,
  title={The performance of spin lock alternatives for shared-money multiprocessors},
  author={Anderson, Thomas E.},
  journal={IEEE Transactions on Parallel and Distributed Systems},
  volume={1},
  number={1},
  pages={6--16},
  year={1990},
  publisher={IEEE}
}

@inproceedings{david2013everything,
  title={Everything you always wanted to know about synchronization but were afraid to ask},
  author={David, Tudor and Guerraoui, Rachid and Trigonakis, Vasileios},
  booktitle={Proceedings of the Twenty-Fourth ACM Symposium on Operating Systems Principles},
  pages={33--48},
  year={2013},
  organization={ACM}
}

@inproceedings{papamarcos1984low,
  title={A low-overhead coherence solution for multiprocessors with private cache memories},
  author={Papamarcos, Mark S and Patel, Janak H},
  booktitle={ACM SIGARCH Computer Architecture News},
  volume={12},
  number={3},
  pages={348--354},
  year={1984},
  organization={ACM}
}

@article{chabbi2017efficient,
  title={An Efficient Abortable-locking Protocol for Multi-level NUMA Systems},
  author={Chabbi, Milind and Amer, Abdelhalim and Wen, Shasha and Liu, Xu},
  journal={ACM SIGPLAN Notices},
  volume={52},
  number={8},
  pages={61--74},
  year={2017},
  publisher={ACM}
}

@inproceedings{dice2012lock,
  title={Lock cohorting: a general technique for designing NUMA locks},
  author={Dice, David and Marathe, Virendra J and Shavit, Nir},
  booktitle={ACM SIGPLAN Notices},
  volume={47},
  number={8},
  pages={247--256},
  year={2012},
  organization={ACM}
}

@inproceedings{feliu2012understanding,
  title={Understanding cache hierarchy contention in CMPs to improve job scheduling},
  author={Feliu, Josue and Sahuquillo, Julio and Petit, Salvador and Duato, Jose},
  booktitle={Parallel \& Distributed Processing Symposium (IPDPS), 2012 IEEE 26th International},
  pages={508--519},
  year={2012},
  organization={IEEE}
}

@inproceedings{dashti2013traffic,
  title={Traffic management: a holistic approach to memory placement on NUMA systems},
  author={Dashti, Mohammad and Fedorova, Alexandra and Funston, Justin and Gaud, Fabien and Lachaize, Renaud and Lepers, Baptiste and Quema, Vivien and Roth, Mark},
  booktitle={ACM SIGPLAN Notices},
  volume={48},
  number={4},
  pages={381--394},
  year={2013},
  organization={ACM}
}

@article{zaharia2010spark,
  title={Spark: Cluster computing with working sets.},
  author={Zaharia, Matei and Chowdhury, Mosharaf and Franklin, Michael J and Shenker, Scott and Stoica, Ion},
  journal={HotCloud},
  volume={10},
  number={10-10},
  pages={95},
  year={2010}
}

@inproceedings{wang2012performance,
  title={Performance analysis of thread mappings with a holistic view of the hardware resources},
  author={Wang, Wei and Dey, Tanima and Mars, Jason and Tang, Lingjia and Davidson, Jack W and Soffa, Mary Lou},
  booktitle={Performance Analysis of Systems and Software (ISPASS), 2012 IEEE International Symposium on},
  pages={156--167},
  year={2012},
  organization={IEEE}
}

@inproceedings{boyd2008corey,
  title={Corey: An Operating System for Many Cores.},
  author={Boyd-Wickizer, Silas and Chen, Haibo and Chen, Rong and Mao, Yandong and Kaashoek, M Frans and Morris, Robert and Pesterev, Aleksey and Stein, Lex and Wu, Ming and Dai, Yue-hua and others},
  booktitle={OSDI},
  volume={8},
  pages={43--57},
  year={2008}
}

@inproceedings{diener2014kmaf,
  title={kMAF: automatic kernel-level management of thread and data affinity},
  author={Diener, Matthias and Cruz, Eduardo HM and Navaux, Philippe OA and Busse, Anselm and Hei{\ss}, Hans-Ulrich},
  booktitle={Proceedings of the 23rd international conference on Parallel architectures and compilation},
  pages={277--288},
  year={2014},
  organization={ACM}
}

@inproceedings{chishti2005optimizing,
  title={Optimizing replication, communication, and capacity allocation in CMPs},
  author={Chishti, Zeshan and Powell, Michael D and Vijaykumar, TN},
  booktitle={Computer Architecture, 2005. ISCA'05. Proceedings. 32nd International Symposium on},
  pages={357--368},
  year={2005},
  organization={IEEE}
}

@article{azimi2009enhancing,
  title={Enhancing operating system support for multicore processors by using hardware performance monitoring},
  author={Azimi, Reza and Tam, David K and Soares, Livio and Stumm, Michael},
  journal={ACM SIGOPS Operating Systems Review},
  volume={43},
  number={2},
  pages={56--65},
  year={2009},
  publisher={ACM}
}

@article{tikir2008hardware,
  title={Hardware monitors for dynamic page migration},
  author={Tikir, Mustafa M and Hollingsworth, Jeffrey K},
  journal={Journal of Parallel and Distributed Computing},
  volume={68},
  number={9},
  pages={1186--1200},
  year={2008},
  publisher={Elsevier}
}

@inproceedings{molka2011memory,
  title={Memory performance and SPEC OpenMP scalability on quad-socket x86\_64 systems},
  author={Molka, Daniel and Sch{\"o}ne, Robert and Hackenberg, Daniel and M{\"u}ller, Matthias S},
  booktitle={International Conference on Algorithms and Architectures for Parallel Processing},
  pages={170--181},
  year={2011},
  organization={Springer}
}

@inproceedings{guiroux2016multicore,
  title={Multicore Locks: The Case Is Not Closed Yet.},
  author={Guiroux, Hugo and Lachaize, Renaud and Qu{\'e}ma, Vivien},
  booktitle={USENIX Annual Technical Conference},
  pages={649--662},
  year={2016}
}

@inproceedings{rao2014towards,
  title={Towards fair and efficient SMP virtual machine scheduling},
  author={Rao, Jia and Zhou, Xiaobo},
  booktitle={ACM SIGPLAN Notices},
  volume={49},
  number={8},
  pages={273--286},
  year={2014},
  organization={ACM}
}

@inproceedings{lozi2016linux,
  title={The Linux scheduler: a decade of wasted cores},
  author={Lozi, Jean-Pierre and Lepers, Baptiste and Funston, Justin and Gaud, Fabien and Qu{\'e}ma, Vivien and Fedorova, Alexandra},
  booktitle={Proceedings of the Eleventh European Conference on Computer Systems},
  pages={1},
  year={2016},
  organization={ACM}
}

@article{dice2015lock,
  title={Lock cohorting: A general technique for designing NUMA locks},
  author={Dice, David and Marathe, Virendra J and Shavit, Nir},
  journal={ACM Transactions on Parallel Computing},
  volume={1},
  number={2},
  pages={13},
  year={2015},
  publisher={ACM}
}

@article{david2015asynchronized,
  title={Asynchronized concurrency: The secret to scaling concurrent search data structures},
  author={David, Tudor and Guerraoui, Rachid and Trigonakis, Vasileios},
  journal={ACM SIGARCH Computer Architecture News},
  volume={43},
  number={1},
  pages={631--644},
  year={2015},
  publisher={ACM}
}

@article{gini1912variabilita,
  title={Variabilit{\`a} e mutabilit{\`a}},
  author={Gini, Corrado},
  journal={Reprinted in Memorie di metodologica statistica (Ed. Pizetti E, Salvemini, T). Rome: Libreria Eredi Virgilio Veschi},
  year={1912}
}

@inproceedings{pohlack2011lightweight,
  title={From lightweight hardware transactional memory to lightweight lock elision},
  author={Pohlack, Martin and Diestelhorst, Stephan},
  booktitle={Proceedings of the 6th ACM SIGPLAN Workshop on Transactional Computing},
  pages={1--7},
  year={2011}
}

@inproceedings{libmemcached,
  title={www.libmemcached.org},
  author={libmemcached},
  booktitle={},
  pages={},
  year={}
}


@inproceedings{dice2011flat,
  title={Flat-combining NUMA locks},
  author={Dice, Dave and Marathe, Virendra J and Shavit, Nir},
  booktitle={Proceedings of the twenty-third annual ACM symposium on Parallelism in algorithms and architectures},
  pages={65--74},
  year={2011},
  organization={ACM}
}

@article{larus2008transactional,
  title={Transactional memory},
  author={Larus, James and Kozyrakis, Christos},
  journal={Communications of the ACM},
  volume={51},
  number={7},
  pages={80--88},
  year={2008},
  publisher={ACM}
}
